@inproceedings{hermann2015teaching,
  title={Teaching machines to read and comprehend},
  author={Hermann, Karl Moritz and Kocisky, Tomas and Grefenstette, Edward and Espeholt, Lasse and Kay, Will and Suleyman, Mustafa and Blunsom, Phil},
  booktitle={Advances in Neural Information Processing Systems},
  pages={1693--1701},
  year={2015}
}

@inproceedings{Xiong2016DynamicMN,
  title={Dynamic Memory Networks for Visual and Textual Question Answering},
  author={Caiming Xiong and Stephen Merity and Richard Socher},
  booktitle={ICML},
  year={2016}
}

@article{weston2014memory,
  title={Memory networks},
  author={Weston, Jason and Chopra, Sumit and Bordes, Antoine},
  journal={arXiv preprint arXiv:1410.3916},
  year={2014}
}

@inproceedings{Sukhbaatar2015EndToEndMN,
  title={End-To-End Memory Networks},
  author={Sainbayar Sukhbaatar and Arthur Szlam and Jason Weston and Rob Fergus},
  booktitle={NIPS},
  year={2015}
}

@inproceedings{corley2005measuring,
  title={Measuring the semantic similarity of texts},
  author={Corley, Courtney and Mihalcea, Rada},
  booktitle={Proceedings of the ACL workshop on empirical modeling of semantic equivalence and entailment},
  pages={13--18},
  year={2005},
  organization={Association for Computational Linguistics}
}

@inproceedings{bos2005recognising,
  title={Recognising textual entailment with logical inference},
  author={Bos, Johan and Markert, Katja},
  booktitle={Proceedings of the conference on Human Language Technology and Empirical Methods in Natural Language Processing},
  pages={628--635},
  year={2005},
  organization={Association for Computational Linguistics}
}

@inproceedings{moldovan2001logic,
  title={Logic form transformation of wordnet and its applicability to question answering},
  author={Moldovan, Dan I and Rus, Vasile},
  booktitle={Proceedings of the 39th Annual Meeting on Association for Computational Linguistics},
  pages={402--409},
  year={2001},
  organization={Association for Computational Linguistics}
}

@inproceedings{tatu2005semantic,
  title={A semantic approach to recognizing textual entailment},
  author={Tatu, Marta and Moldovan, Dan},
  booktitle={Proceedings of the conference on Human Language Technology and Empirical Methods in Natural Language Processing},
  pages={371--378},
  year={2005},
  organization={Association for Computational Linguistics}
}

@article{cohen2016tensorlog,
  title={TensorLog: A Differentiable Deductive Database},
  author={Cohen, William W},
  journal={arXiv preprint arXiv:1605.06523},
  year={2016}
}